% Encoding: UTF-8

@article{aburto2018potential,
  title		= {Potential gains in life expectancy by reducing inequality of lifespans in {D}enmark: An international comparison and cause-of-death analysis},
  author	= {Aburto, Jos{\'e} Manuel and Wensink, Maarten and van Raalte, Alyson and Lindahl-Jacobsen, Rune},
  journal	= {BMC Public Health},
  volume	= {18},
  number	= {1},
  pages		= {831},
  year		= {2018}
}

@article{vanraalte2018Science,
  title		= {The case for monitoring life-span inequality},
  author	= {van Raalte, Alyson A. and Sasson, Isaac and Martikainen, Pekka},  journal	= {Science},
  year		= {2018}
}

@article{Aburto2018Eastern,
  title		= {Lifespan dispersion in times of life expectancy fluctuation: The case of {C}entral and {E}astern {E}urope},
  author	= {Aburto, Jos{\'e} Manuel and van Raalte, Alyson A.},
  journal	= {Demography},
  volume	= {55},
  number	= {6},
  pages		= {2071-2096},
  year		= {2018}
}

@Misc{Aburto_longRun,
  Title		= {Life expectancy and lifespan equality: a long run relationship},
  Author	= {Aburto, Jos\'e Manuel and Basellini, Ugoflippo and Kj{\ae}rgaard, S{\o}eren and Vaupel, J W},
  Note		= {Paper presented in PAA anual meeting 2017 and IUSSP 2017},
  Year   	= {2017}
}

@misc{aburtoDynamics,
  title		= {Dynamics of life expectancy and lifespan equality},
  author	= {Aburto, Jos\'e Manuel and Villavicencio, Francisco and Vaupel, James W},
  note		= {Working paper (available from authors)},
  year		= {2018}
} 

@article{andreev2002algorithm,
  title		= {Algorithm for decomposition of differences between aggregate demographic measures and its application to life expectancies, healthy life expectancies, parity-progression ratios and total fertility rates},
  author	= {Andreev, Evgeny M and Shkolnikov, Vladimir M and Begun, Alexander},
  journal	= {Demographic Research},
  volume	= {7},
  pages		= {499--522},
  year		= {2002}
}

@article{archer2018diet,
  title		= {Diet has independent effects on the pace and shape of aging in {D}rosophila melanogaster},
  author	= {Archer, C Ruth and Basellini, Ugofilippo and Hunt, John and Simpson, Stephen J and Lee, Kwang Pum and Baudisch, Annette},
  journal	= {Biogerontology},
  volume	= {19},
  number	= {1},
  pages		= {1--12},
  year		= {2018}
}

@article{arriaga1984measuring,
  title		= {Measuring and explaining the change in life expectancies},
  author	= {Arriaga, Eduardo E},
  journal	= {Demography},
  volume	= {21},
  number	= {1},
  pages		= {83--96},
  year		= {1984}
}

@article{Baudisch2011,
   author	= {Baudisch, Annette},
   title	= {The pace and shape of ageing},
   journal	= {Methods in Ecology and Evolution},
   volume	= {2},
   number	= {4},
   pages	= {375--382},
   year		= {2011}
}

@article{baudisch2013pace,
  title		= {The pace and shape of senescence in angiosperms},
  author	= {Baudisch, Annette and Salguero-G{\'o}mez, Roberto and Jones, Owen R and Wrycza, Tomasz and Mbeau-Ache, Cyril and Franco, Miguel and Colchero, Fernando},
  journal	= {Journal of Ecology},
  volume	= {101},
  number	= {3},
  pages		= {596--606},
  year		= {2013}
}

@article{beltran2011unifying,
  title		= {A unifying framework for assessing changes in life expectancy associated with changes in mortality: The case of violent deaths},
  author	= {Beltr{\'a}n-S{\'a}nchez, Hiram and Soneji, Samir},
  journal	= {Theoretical Population Biology},
  volume	= {80},
  number	= {1},
  pages		= {38--48},
  year		= {2011}
}

@article{beltran2008integrated,
  title		= {An integrated approach to cause-of-death analysis: Cause-deleted life tables and decompositions of life expectancy},
  author	= {Beltr{\'a}n-S{\'a}nchez, Hiram and Preston, Samuel H and Canudas-Romo, Vladimir},
  journal	= {Demographic Research},
  volume	= {19},
  pages		= {1323--1350},
  year		= {2008}
}

@article{bonetti2009gini,
  title		= {The Gini concentration test for survival data},
  author	= {Bonetti, Marco and Gigliarano, Chiara and Muliere, Pietro},
  journal	= {Lifetime Data Analysis},
  volume	= {15},
  number	= {4},
  pages		= {493--518},
  year		= {2009}
}

@article{caswell2010life,
  title		= {Life table response experiment analysis of the stochastic growth rate},
  author	= {Caswell, Hal},
  journal	= {Journal of Ecology},
  volume	= {98},
  number	= {2},
  pages		= {324--333},
  year		= {2010}
}

@article{colchero2016emergence,
  title		= {The emergence of longevous populations},
  author	= {Colchero, Fernando and Rau, Roland and Jones, Owen R and Barthold, Julia A and Conde, Dalia A and Lenart, Adam and N{\'e}meth, L{\'a}szl{\'o} and Scheuerlein, Alexander and Schoeley, Jonas and Torres, Catalina and ... and Alberts, Susan C. and Vaupel, James W.},
  journal	= {Proceedings of the National Academy of Sciences},
  volume	= {113},
  number	= {48},
  pages		= {E7681--E7690},
  year		= {2016}
}

@article{demetrius1978adaptive,
  title		= {Adaptive value, entropy and survivorship curves},
  author	= {Demetrius, Lloyd},
  journal	= {Nature},
  volume	= {275},
  pages		= {213--214},
  year		= {1978}
}

@article{Demetrius1979,
   author	= {Demetrius, Lloyd},
   title	= {Relations between demographic parameters},
   journal	= {Demography},
   volume	= {16},
   number	= {2},
   pages	= {329--338},
   year		= {1979}
}

@article{demetrius1989demographic,
  title		= {The demographic evolution of human populations: The role of selection and environmental factors},
  author	= {Demetrius, Lloyd},
  journal	= {Demography},
  volume	= {26},
  number	= {3},
  pages		= {353--372},
  year		= {1989}
}

@article{edwards2005inequality,
  title		= {Inequality in life spans and a new perspective on mortality convergence across industrialized countries},
  author	= {Edwards, Ryan D and Tuljapurkar, Shripad},
  journal	= {Population and Development Review},
  volume	= {31},
  number	= {4},
  pages		= {645--674},
  year		= {2005}
}

@article{engelman2014lifespan,
  title		= {Why do lifespan variability trends for the young and old diverge? A perturbation analysis},
  author	= {Engelman, Michal and Caswell, Hal and Agree, Emily M},
  journal	= {Demographic Research},
  volume	= {30},
  pages		= {1367--1396},
  year		= {2014}
}

@article{Fernandez2015,
  author	= {Fern\'andez, Oscar E and Beltr\'an-S\'anchez, Hiram},
  title		= {The entropy of the life table: A reappraisal},
  journal	= {Theoretical Population Biology},
  volume	= {104},
  pages		= {26-45},
  year		= {2015}
}


@article{gigliarano2017longevity,
  title		= {Longevity and concentration in survival times: The log-scale-location family of failure time models},
  author	= {Gigliarano, Chiara and Basellini, Ugofilippo and Bonetti, Marco},
  journal	= {Lifetime Data Analysis},
  volume	= {23},
  number	= {2},
  pages		= {254--274},
  year		= {2017}
}

@article{Gillespie2014,
  author	= {Gillespie, Duncan OS and Trotter, Meredith V and Tuljapurkar, Shripad D},
  title		= {Divergence in age patterns of mortality change drives international divergence in lifespan inequality},
  journal	= {Demography},
  volume	= {51},
  number	= {3},
  pages		= {1003--1017},
  year		= {2014}
}

@article{Goldman1986,
  author	= {Goldman, Noreen and Lord, Graham},
  title		= {A new look at entropy and the life table},
  journal	= {Demography},
  volume	= {23},
  number	= {2},
  pages		= {275--282},
  year		= {1986}
}

@article{Hakkert1987,
  author	= {Hakkert, Ralph},
  title		= {Life table transformations and inequality measures: Some noteworthy formal relationships},
  journal	= {Demography},
  volume	= {24},
  number	= {4},
  pages		= {615--622},
  year		= {1987}
}

@article{hill1993entropy,
  title		= {The entropy of the survival curve: An alternative measure},
  author	= {Hill, Gerry},
  journal	= {Canadian Studies in Population},
  volume	= {20},
  number	= {1},
  pages		= {43--57},
  year		= {1993}
}

@misc{HMD,
  author	= {{Human Mortality Database}},
  year		= {2018},
  note		= {University of California, Berkeley, and Max Planck Institute for Demographic Research, Rostock. URL \url{http://www.mortality.org}}
}

@article{Keyfitz1977,
  author	= {Keyfitz, Nathan},
  title		= {What difference would it make if cancer were eradicated? {A}n examination of the {T}aeuber paradox},
  journal	= {Demography},
  volume	= {14},
  number	= {4},
  pages		= {411--418},
  year		= {1977}
}

@article{jdanov2017decomposing,
  title		= {Decomposing current mortality differences into initial differences and differences in trends: The contour decomposition method},
  author	= {Jdanov, Dmitri A and Shkolnikov, Vladimir M and van Raalte, Alyson A and Andreev, Evgeny M},
  journal	= {Demography},
  volume	= {54},
  number	= {4},
  pages		= {1579--1602},
  year		= {2017}
}

@article{jones2014diversity,
  title		= {Diversity of ageing across the tree of life},
  author	= {Jones, Owen R and Scheuerlein, Alexander and Salguero-G{\'o}mez, Roberto and Camarda, Carlo Giovanni and Schaible, Ralf and Casper, Brenda B and Dahlgren, Johan P and Ehrl{\'e}n, Johan and Garc{\'\i}a, Mar{\'\i}a B and Menges, Eric S and others},
  journal	= {Nature},
  volume	= {505},
  number	= {7482},
  pages		= {169--173},
  year		= {2014}
}

@article{mitra1978short,
  title		= {A short note on the {T}aeuber paradox},
  author	= {Mitra, S},
  journal	= {Demography},
  volume	= {15},
  number	= {4},
  pages		= {621--623},
  year		= {1978}
}

@article{Nemeth2017life,
  title		= {Life expectancy versus lifespan inequality: A smudge or a clear relationship?},
  author	= {N{\'e}meth, L{\'a}szl{\'o}},
  journal	= {PLoS ONE},
  volume	= {12},
  number	= {9},
  pages		= {e0185702},
  year		= {2017}
}

@article{pollard1988decomposition,
  title		= {On the decomposition of changes in expectation of life and differentials in life expectancy},
  author	= {Pollard, John H},
  journal	= {Demography},
  volume	= {25},
  number	= {2},
  pages		= {265--276},
  year		= {1988}
}

@manual{rcitation,
  title 	= {R: A language and environment for statistical computing},
  author 	= {{R Core Team}},
  year 		= {2018},
  organization 	= {R Foundation for Statistical Computing},
  address	= {Vienna},
  note 		= {URL \url{http://www.r-project.org}}
}

@article{Sasson2016trends,
  title		= {Trends in life expectancy and lifespan variation by educational attainment: United {S}tates, 1990--2010},
  author	= {Sasson, Isaac},
  journal	= {Demography},
  volume	= {53},
  number	= {2},
  pages		= {269--293},
  year		= {2016}
}

@article{Shkolnikov2003,
  author	= {Shkolnikov, Vladimir M and Andreev, Evgueni E and Begun, Alexander Z},
  title		= {Gini coefficient as a life table function: Computation from discrete data, decomposition of differences and empirical examples},
  journal	= {Demographic Research},
  volume	= {8},
  number	= {11},
  pages		= {305--358},
  year		= {2003}
}

@article{Shkolnikov2011,
  author	= {Shkolnikov, Vladimir M and Andreev, Evgeny M and Zhang, Zhen and Oeppen, James and Vaupel, James W},
  title		= {Losses of expected lifetime in the {U}nited {S}tates and other developed countries: Methods and empirical analyses},
  journal	= {Demography},
  volume	= {48},
  number	= {1},
  pages		= {211--239},
  year		= {2011}
}

@article{Smits2009,
  author	= {Smits, Jeroen and Monden, Christiaan},
  title		= {Length of life inequality around the globe},
  journal	= {Social Science \& Medicine},
  volume	= {68},
  number	= {6},
  pages 	= {1114--1123},
  year 		= {2009}
}

@article{tuljapurkar2011variance,
  title		= {Variance in death and its implications for modeling and forecasting mortality},
  author	= {Tuljapurkar, Shripad and Edwards, Ryan D},
  journal	= {Demographic Research},
  volume	= {24},
  number	= {21},
  pages		= {497--526},
  year		= {2011}
}

@article{vanRaalte2013,
  author	= {van Raalte, Alyson A and Caswell, Hal},
  title		= {Perturbation analysis of indices of lifespan variability},
  journal	= {Demography},
  volume	= {50},
  number	= {5},
  pages		= {1615--1640},
  year		= {2013}
}

@article{Vaupel1986,
  author	= {Vaupel, James W},
  title		= {How change in age-specific mortality affects life expectancy},
  journal	= {Population Studies},
  volume	= {40},
  number	= {1},
  pages		= {147--157},
  year		= {1986}
}

@article{Vaupel2003,
  author	= {Vaupel, James W and Canudas-Romo, Vladimir},
  title		= {Decomposing change in life expectancy: A bouquet of formulas in honor of {N}athan {K}eyfitz's 90th birthday},
  journal	= {Demography},
  volume	= {40},
  number	= {2},
  pages		= {201--216},
  year		= {2003}
}

@article{Vaupel2011,
  author	= {Vaupel, James W and Zhang, Zhen and van Raalte, Alyson A.},
  title		= {Life expectancy and disparity: An international comparison of life table data},
  journal	= {BMJ Open},
  pages		= {bmjopen-2011-000128},
  year		= {2011}
}

@article{Wagner2010,
  author	= {Wagner, Peter},
  title		= {Sensitivity of life disparity with respect to changes in mortality rates},
  journal	= {Demographic Research},
  volume	= {23},
  number	= {3},
  pages		= {63-72},
  year		= {2010}
}

@article{Wrycza2015,
  author	= {Wrycza, Tomasz F and Missov, Trifon I and Baudisch, Annette},
  title		= {Quantifying the shape of aging},
  journal	= {PLoS ONE},
  volume	= {10},
  number	= {3},
  pages		= {e0119163},
  year		= {2015}
}

@article{Zhang2009,
  author	= {Zhang, Zhen and Vaupel, James W},
  title		= {The age separating early deaths from late deaths},
  journal	= {Demographic Research},
  volume	= {20},
  number	= {29},
  pages		= {721--730},
  year		= {2009}
}


%%%%%%%%%%%%%%%%%%%%%%%%%%%%%%%%%%%%%%%%%%%%%%%%%%%%%%%%%%%%%%%%%%%%%%%%%%%%%%%%%%%%%%%%%%%%%%%%%%%%%%%%
%%%%%%%%%%%%%%%%%%%%%%%%%%%%%%%%%%%%%%%%%%%%%%%%%%%%%%%%%%%%%%%%%%%%%%%%%%%%%%%%%%%%%%%%%%%%%%%%%%%%%%%%




@article{Engelman2010,
   author = {Engelman, Michal and Canudas-Romo, Vladimir and Agree, Emily M},
   title = {The implications of increased survivorship for mortality variation in aging populations},
   journal = {Population and Development Review},
   volume = {36},
   number = {3},
   pages = {511-539},
   year = {2010},
   type = {Journal Article}
}


@article{Ferraro2009,
   author = {Ferraro, Kenneth F and Shippee, Tetyana Pylypiv},
   title = {Aging and cumulative inequality: How does inequality get under the skin?},
   journal = {The Gerontologist},
   volume = {49},
   number = {3},
   pages = {333-343},
   ISSN = {0016-9013},
   year = {2009},
   type = {Journal Article}
}

@article{Firebaugh2014,
   author = {Firebaugh, Glenn and Acciai, Francesco and Noah, Aggie J and Prather, Christopher and Nau, Claudia},
   title = {Why lifespans are more variable among blacks than among whites in the United States},
   journal = {Demography},
   volume = {51},
   number = {6},
   pages = {2025-2045},
   ISSN = {0070-3370},
   year = {2014},
   type = {Journal Article}
}

@article{Fries2003,
   author = {Fries, James F},
   title = {Measuring and monitoring success in compressing morbidity},
   journal = {Annals of Internal Medicine},
   volume = {139},
   number = {5},
   pages = {455-459},
   year = {2003},
   type = {Journal Article}
}



@article{Hanada1983,
   author = {Hanada, Kyo},
   title = {A formula of Gini's concentration ratio and its application to life tables},
   journal = {Journal of Japanese Statistical Society},
   volume = {13},
   number = {2},
   pages = {95-98},
   year = {1983},
   type = {Journal Article}
}

@article{Horiuchi2008,
   author = {Horiuchi, Shiro and Wilmoth, John R and Pletcher, Scott D},
   title = {A decomposition method based on a model of continuous change},
   journal = {Demography},
   volume = {45},
   number = {4},
   pages = {785-801},
   year = {2008},
   type = {Journal Article}
}

@article{tuljapurkar1989uncertain,
  title={An uncertain life: demography in random environments},
  author={Tuljapurkar, Shripad},
  journal={Theoretical population biology},
  volume={35},
  number={3},
  pages={227--294},
  year={1989},
  publisher={Elsevier}
}




@article{cheung2005three,
  title={Three dimensions of the survival curve: Horizontalization, verticalization, and longevity extension},
  author={Cheung, Siu Lan Karen and Robine, Jean-Marie and Tu, Edward Jow-Ching and Caselli, Graziella},
  journal={Demography},
  volume={42},
  number={2},
  pages={243--258},
  year={2005},
  publisher={Springer}
}

@book{Keyfitz2005,
   author = {Keyfitz, Nathan and Caswell, Hal},
   title = {Applied mathematical demography},
   publisher = {Springer},
   volume = {47},
   year = {2005},
   type = {Book}
}

@article{Lariscy2016,
   author = {Lariscy, Joseph T and Nau, Claudia and Firebaugh, Glenn and Hummer, Robert A},
   title = {Hispanic-White differences in lifespan variability in the United States},
   journal = {Demography},
   volume = {53},
   number = {1},
   pages = {215-239},
   ISSN = {0070-3370},
   year = {2016},
   type = {Journal Article}
}

@article{Mackenbach2012,
   author = {Mackenbach, Johan P},
   title = {The persistence of health inequalities in modern welfare states: the explanation of a paradox},
   journal = {Social science \& medicine},
   volume = {75},
   number = {4},
   pages = {761-769},
   ISSN = {0277-9536},
   year = {2012},
   type = {Journal Article}
}

@article{Marmot2001,
   author = {Marmot, Michael},
   title = {Inequalities in health},
   journal = {New England Journal of Medicine},
   volume = {345},
   number = {2},
   pages = {134-135},
   ISSN = {0028-4793},
   year = {2001},
   type = {Journal Article}
}

@article{Mitra1987,
   author = {Mitra, S},
   title = {On “A New Look At Entropy And The Life Table”},
   journal = {Demography},
   volume = {24},
   number = {3},
   pages = {439-439},
   ISSN = {0070-3370},
   year = {1987},
   type = {Journal Article}
}

@article{Myers1984,
   author = {Myers, George C and Manton, Kenneth G},
   title = {Compression of mortality: myth or reality?},
   journal = {The gerontologist},
   volume = {24},
   number = {4},
   pages = {346-353},
   year = {1984},
   type = {Journal Article}
}

@article{Myers1984_US,
   author = {Myers, George C and Manton, Kenneth G},
   title = {Recent changes in the US age at death distribution: Further observations},
   journal = {Gerontologist},
   volume = {24},
   number = {6},
   pages = {572-5},
   year = {1984},
   type = {Journal Article}
}

@article{Nau2012,
   author = {Nau, Claudia and Firebaugh, Glenn},
   title = {A new method for determining why length of life is more unequal in some populations than in others},
   journal = {Demography},
   volume = {49},
   number = {4},
   pages = {1207-1230},
   year = {2012},
   type = {Journal Article}
}

@article{Oeppen2002,
   author = {Oeppen, Jim and Vaupel, James W},
   title = {Broken limits to life expectancy},
   journal = {Science},
   volume = {296},
   number = {5570},
   pages = {1029-1031},
   year = {2002},
   type = {Journal Article}
}

@article{Omran1971,
   author = {Omran, Abdel R},
   title = {The epidemiologic transition: a theory of the epidemiology of population change},
   journal = {The Milbank memorial fund quarterly},
   volume = {49},
   number = {4},
   pages = {509-538},
   ISSN = {0026-3745},
   year = {1971},
   type = {Journal Article}
}

@book{Preston2001,
   author = {Preston, Samuel H. and Heuveline, Patrick and Guillot, Michel},
   title = {Demography. Measuring and Modeling Population Processes},
   publisher = {Blackwell},
   year = {2001},
   type = {Book}
}

@article{Seaman2016,
   author = {Seaman, Rosie and Leyland, Alastair H and Popham, Frank},
   title = {Increasing inequality in age of death at shared levels of life expectancy: A comparative study of Scotland and England and Wales},
   journal = {SSM-Population Health},
   volume = {2},
   pages = {724-731},
   ISSN = {2352-8273},
   year = {2016},
   type = {Journal Article}
}

@article{Seligman2016,
   author = {Seligman, Benjamin and Greenberg, Gabi and Tuljapurkar, Shripad},
   title = {Equity and length of lifespan are not the same},
   journal = {Proceedings of the National Academy of Sciences},
   volume = {113},
   number = {30},
   pages = {8420-8423},
   year = {2016},
   type = {Journal Article}
}

@article{Silber1992,
   author = {Silber, Jacques},
   title = {Inequality in mortality: measuring the contributions of various causes of death},
   journal = {Genus},
   pages = {93-107},
   ISSN = {0016-6987},
   year = {1992},
   type = {Journal Article}
}

@article{Timonin2016,
   author = {Timonin, Sergey and Shkolnikov, Vladimir M and Jasilionis, Domantas and Grigoriev, Pavel and Jdanov, Dmitry A and Leon, David A},
   title = {Disparities in length of life across developed countries: measuring and decomposing changes over time within and between country groups},
   journal = {Population health metrics},
   volume = {14},
   number = {1},
   pages = {29},
   ISSN = {1478-7954},
   year = {2016},
   type = {Journal Article}
}

@article{vanRaalte2011,
   author = {van Raalte, Alyson A and Kunst, Anton E and Deboosere, Patrick and Leinsalu, Mall and Lundberg, Olle and Martikainen, Pekka and Strand, Bjørn Heine and Artnik, Barbara and Wojtyniak, Bogdan and Mackenbach, Johan P},
   title = {More variation in lifespan in lower educated groups: evidence from 10 European countries},
   journal = {International Journal of Epidemiology},
   pages = {dyr146},
   ISSN = {0300-5771},
   year = {2011},
   type = {Journal Article}
}

@article{vanRaalte2014,
   author = {van Raalte, Alyson A and Martikainen, Pekka and Myrskylä, Mikko},
   title = {Lifespan variation by occupational class: compression or stagnation over time?},
   journal = {Demography},
   volume = {51},
   number = {1},
   pages = {73-95},
   year = {2014},
   type = {Journal Article}
}



@article{Vaupel1979,
   author = {Vaupel, James W. and Manton, Kenneth G. and Stallard, Eric},
   title = {The Impact of Heterogeneity in Individual Frailty on the Dynamics of Mortality},
   journal = {Demography},
   volume = {16},
   pages = {439-454},
   year = {1979},
   type = {Journal Article}
}

@article{Vaupel1987,
   author = {Vaupel, James W and Yashin, Anatoli I},
   title = {Repeated resuscitation: How lifesaving alters life tables},
   journal = {Demography},
   volume = {24},
   number = {1},
   pages = {123-135},
   ISSN = {0070-3370},
   year = {1987},
   type = {Journal Article}
}


@article{Wilmoth1999,
   author = {Wilmoth, John R and Horiuchi, Shiro},
   title = {Rectangularization revisited: Variability of age at death within human populations*},
   journal = {Demography},
   volume = {36},
   number = {4},
   pages = {475-495},
   year = {1999},
   type = {Journal Article}
}

@article{Wrycza2012,
   author = {Wrycza, Tomasz and Baudisch, Annette},
   title = {How life expectancy varies with perturbations in age-specific mortality},
   journal = {Demographic Research},
   volume = {27},
   pages = {365-376},
   ISSN = {1435-9871},
   year = {2012},
   type = {Journal Article}
}

@article{Wrycza2014,
   author = {Wrycza, Tomasz F and Baudisch, Annette},
   title = {The pace of aging: Intrinsic time scales in demography},
   journal = {Demographic Research},
   volume = {30},
   pages = {1571},
   year = {2014},
   type = {Journal Article}
}



@article{wrycza2014variance,
  title={Variance in age at death equals average squared remaining life expectancy at death},
  author={Wrycza, Tomasz F},
  journal={Demographic Research},
  volume={30},
  pages={1405},
  year={2014},
  publisher={Max Planck Institut f{\"u}r Demografische Forschung}
}

@Book{riley2001rising,
  title     = {Rising life expectancy: a global history},
  publisher = {Cambridge University Press},
  year      = {2001},
  author    = {Riley, James C},
}

@Comment{jabref-meta: databaseType:bibtex;}
